<record><leader>00000cas a22000007a 4500</leader><controlfield tag="001">21192808</controlfield><controlfield tag="008">900309d19751985mdusn ne      0    0eng d</controlfield><datafield ind1=" " ind2=" " tag="010"><subfield code="a">sn 90057084 </subfield></datafield><datafield ind1=" " ind2=" " tag="040"><subfield code="a">MFN</subfield><subfield code="b">eng</subfield><subfield code="c">MFN</subfield><subfield code="d">OCLCQ</subfield></datafield><datafield ind1=" " ind2=" " tag="042"><subfield code="a">msc</subfield></datafield><datafield ind1="0" ind2=" " tag="130"><subfield code="a">Goucher weekly (Towson, Md. : 1975)</subfield></datafield><datafield ind1="1" ind2="0" tag="245"><subfield code="a">Goucher weekly.</subfield></datafield><datafield ind1=" " ind2=" " tag="260"><subfield code="a">Towson, Md. :</subfield><subfield code="b">Goucher College</subfield></datafield><datafield ind1=" " ind2=" " tag="300"><subfield code="a">v.</subfield></datafield><datafield ind1=" " ind2=" " tag="310"><subfield code="a">Semimonthly (during the academic year),</subfield><subfield code="b">1978-1985</subfield></datafield><datafield ind1=" " ind2=" " tag="321"><subfield code="a">Weekly (during the academic year),</subfield><subfield code="b">&lt;Feb. 14, 1975&gt;-1977</subfield></datafield><datafield ind1="1" ind2=" " tag="362"><subfield code="a">Began in Feb. 1975?</subfield></datafield><datafield ind1="0" ind2=" " tag="362"><subfield code="a">-v. 71, no. 1 (Sept. 6, 1985).</subfield></datafield><datafield ind1=" " ind2=" " tag="752"><subfield code="a">United States</subfield><subfield code="b">Maryland</subfield><subfield code="c">Baltimore</subfield><subfield code="d">Towson.</subfield></datafield><datafield ind1="0" ind2="0" tag="780"><subfield code="t">Outcry (Towson, Md.)</subfield><subfield code="w">(DLC)sn 90057083</subfield></datafield><datafield ind1="0" ind2="0" tag="785"><subfield code="t">Quindecim (Towson, Md.)</subfield><subfield code="w">(DLC)sn 90057085</subfield></datafield><datafield ind1="1" ind2=" " tag="029"><subfield code="a">AU@</subfield><subfield code="b">000025868469</subfield></datafield></record>